<?xml version="1.0" encoding="UTF-8"?><collection xmlns="http://www.loc.gov/MARC21/slim"><record><leader>00459nam--2200169-i-4500</leader><controlfield tag="001">000010807</controlfield><controlfield tag="002">20161230</controlfield><controlfield tag="005">20161230201029</controlfield><controlfield tag="008">060222s1000------------r-----000-0-eng-d</controlfield><datafield ind1=" " ind2=" " tag="080"><subfield code="a">517</subfield></datafield><datafield ind1=" " ind2=" " tag="100"><subfield code="a">Aubin, Jean-pierre</subfield></datafield><datafield ind1=" " ind2=" " tag="245"><subfield code="a">Approximation of elliptic boundary-value problems</subfield></datafield><datafield ind1=" " ind2=" " tag="260"><subfield code="a">New York, Wiley-interscience, 1972</subfield></datafield><datafield ind1=" " ind2=" " tag="300"><subfield code="a">360 p</subfield></datafield><datafield ind1=" " ind2=" " tag="490"><subfield code="a">Pure And Applied Mathematics</subfield><subfield code="v">vol. XXVI</subfield></datafield><datafield ind1=" " ind2=" " tag="852"><subfield code="a">13669</subfield></datafield><datafield ind1=" " ind2=" " tag="CAT"><subfield code="a">Sys</subfield><subfield code="c">20080401</subfield><subfield code="h">131930</subfield></datafield></record></collection>